<?xml version="1.0" encoding="UTF-8"?><collection xmlns="http://www.loc.gov/MARC21/slim"><record><leader>00411nam--2200133-i-4500</leader><controlfield tag="001">000013111</controlfield><controlfield tag="002">20161230</controlfield><controlfield tag="005">20161230201030</controlfield><controlfield tag="008">060222s1000------------r-----000-0-eng-d</controlfield><datafield ind1=" " ind2=" " tag="080"><subfield code="a">517.99(082.1)</subfield></datafield><datafield ind1=" " ind2=" " tag="245"><subfield code="a">Commentationes mathematicae. tomus specialis in honorem ladislai orlicz. 11</subfield></datafield><datafield ind1=" " ind2=" " tag="260"><subfield code="a">Warszawa, Panstwowe Wydawnictwo Naukowe, 1979 Vi + 347 P</subfield></datafield><datafield ind1=" " ind2=" " tag="852"><subfield code="a">47373</subfield><subfield code="c">517.9</subfield></datafield><datafield ind1=" " ind2=" " tag="CAT"><subfield code="a">Sys</subfield><subfield code="c">20090318</subfield><subfield code="h">093000</subfield></datafield></record></collection>